<record><leader>00000cas a22000007a 4500</leader><controlfield tag="001">19918977</controlfield><controlfield tag="008">890623d19101928nduwr ne      0    0eng d</controlfield><datafield ind1=" " ind2=" " tag="010"><subfield code="a">sn 88076009 </subfield></datafield><datafield ind1=" " ind2=" " tag="040"><subfield code="a">NOP</subfield><subfield code="b">eng</subfield><subfield code="c">NOP</subfield><subfield code="d">OCLCQ</subfield><subfield code="d">CGU</subfield></datafield><datafield ind1=" " ind2=" " tag="042"><subfield code="a">msc</subfield></datafield><datafield ind1="0" ind2=" " tag="130"><subfield code="a">Steele ozone (Steele, N.D. : 1910)</subfield></datafield><datafield ind1="1" ind2="4" tag="245"><subfield code="a">The Steele ozone.</subfield></datafield><datafield ind1=" " ind2=" " tag="260"><subfield code="a">Steele, N.D. :</subfield><subfield code="b">Henry S. Wood</subfield></datafield><datafield ind1=" " ind2=" " tag="300"><subfield code="a">20 v. :</subfield><subfield code="b">ill. ;</subfield><subfield code="c">55 cm.</subfield></datafield><datafield ind1=" " ind2=" " tag="310"><subfield code="a">Weekly</subfield></datafield><datafield ind1="0" ind2=" " tag="362"><subfield code="a">Vol. 25, no. 26 (Jan. 20, 1910)-v. 44, no. 26 (Dec. 27, 1928).</subfield></datafield><datafield ind1=" " ind2=" " tag="530"><subfield code="a">Available on microfilm from the State Historical Society of North Dakota.</subfield></datafield><datafield ind1=" " ind2="0" tag="651"><subfield code="a">Moravian Falls (N.D.)</subfield><subfield code="v">Newspapers.</subfield></datafield><datafield ind1=" " ind2=" " tag="752"><subfield code="a">United States</subfield><subfield code="b">North Dakota</subfield><subfield code="c">Kidder</subfield><subfield code="d">Steele.</subfield></datafield><datafield ind1="0" ind2="0" tag="780"><subfield code="t">Steele ozone and the Kidder County Republican</subfield><subfield code="w">(DLC)sn 88076008</subfield></datafield><datafield ind1="0" ind2="7" tag="785"><subfield code="t">Kidder County farmers press</subfield><subfield code="w">(DLC)sn 88076004</subfield></datafield><datafield ind1="0" ind2="7" tag="785"><subfield code="t">Steele ozone and Kidder County farmers press</subfield><subfield code="w">(DLC)sn 88076010</subfield></datafield></record>